@article{muellerpystruct,
  title={{PyStruct: Structured Prediction in Python}},
  author={M{\"u}ller, A and Behnke, S},
  journal={Journal of Machine Learning Research},
  year={2014}
}

@conference{muellericra,
  title={{Learning Depth-Sensitive Conditional Random Fields for Semantic
  Segmentation of RGB-D Images}},
  author={M{\"u}ller, A and Behnke, S},
  booktitle={Proceedings of the International Conference of Robotics and Automation (ICRA)},
  year={2014}
}
@conference{mueller2010topological,
  title={{Topological Features in Locally Connected RBMs}},
  author={M{\"u}ller, A and Schulz, H and Behnke, S},
  booktitle={Proceedings of the International Joint Conference on Neural Networks (IJCNN)},
  year={2010}
}
@inproceedings{schulz2010exploiting,
  title={{Exploiting local structure in stacked Boltzmann machines}},
  author={Schulz, H. and M{\"u}ller, A. and Behnke, S.},
  booktitle={European Symposium on Artificial Neural Networks, Computational Intelligence and Machine Learning (ESANN)},
  year={2010}
}
@inproceedings{schulzinvestigating,
  title={{Investigating Convergence of Restricted Boltzmann Machine Learning}},
  author={Schulz, H. and M{\"u}ller, A. and Behnke, S.},
  booktitle={{Advances in Neural Information Processing Systems (NIPS), Deep Learning and Unsupervised Feature Learning Workshop}},
  year={2010}
}
@inproceedings{muellermulti,
  title={{Multi-Instance Methods for Partially Supervised Image Segmentation}},
  author={M{\"u}ller, A. and Behnke, S.},
  booktitle={{IAPR TC3 Workshop on Partially Supervised Learning}},
  year={2011}
}
@inproceedings{scherer2010evaluation,
  title={{Evaluation of pooling operations in convolutional architectures for object recognition}},
  author={Scherer, D. and M{\"u}ller, A. and Behnke, S.},
  booktitle={Proceedings of the Interntional Conference on Artificial Neural Networks (ICANN)},
  pages={92--101},
  year={2010},
  publisher={Springer}
}

@article{schulz2011exploiting,
  title={{Exploiting local structure in Boltzmann machines}},
  author={Schulz, H. and M{\"u}ller, A. and Behnke, S.},
  journal={Neurocomputing},
  volume={74},
  number={9},
  pages={1411--1417},
  issn={0925-2312},
  year={2011},
  publisher={Elsevier}
}

@inproceedings{muller2012information,
  title={Information Theoretic Clustering Using Minimum Spanning Trees},
  author={M{\"u}ller, A. and Nowozin, S. and Lampert, C.},
  booktitle={Proceedings of DAGM / OAGM},
  pages={205--215},
  year={2012},
}

@book{amuellerintropython,
    title={Introduction to Machine Learning with Python},
    author={M{\"uller, A and Guido, S.}},
    year={2016},
    publisher={O'Reilly},
    }

@article{buitinck2013api,
  title={API design for machine learning software: experiences from the scikit-learn project},
  author={Buitinck, Lars and Louppe, Gilles and Blondel, Mathieu and Pedregosa, Fabian and M{\"u}ller, Andreas and Grisel, Olivier and Niculae, Vlad and Prettenhofer, Peter and Gramfort, Alexandre and Grobler, Jaques and others},
  journal={ECML PKDD 2013 Workshop on Languages for Data Mining and Machine Learning.},
  year={2013}
}

@article{varoquaux2015scikit,
  title={Scikit-learn: Machine Learning Without Learning the Machinery},
  author={Varoquaux, G{\"a}el and Buitinck, Lars and Louppe, Gilles and Grisel, Olivier and Pedregosa, Fabian and M{\"u}ller, Andreas},
  journal={GetMobile: Mobile Computing and Communications},
  volume={19},
  number={1},
  pages={29--33},
  year={2015},
  publisher={ACM}
}

@article{abraham2014machine,
  title={Machine learning for neuroimaging with scikit-learn},
  author={Abraham, Alexandre and Pedregosa, Fabian and Eickenberg, Michael and Gervais, Philippe and M{\"u}ller, Andreas and Kossaifi, Jean and Gramfort, Alexandre and Thirion, Bertrand and Varoquaux, G{\"a}el},
  journal={Frontiers in Neuroinformatics},
  year={2014}
}

@article{severin2017computational,
  title={Computational derivation of a molecular framework for hair follicle biology from disease genes},
  author={Severin, Rachel K and Li, Xinwei and Qian, Kun and Mueller, Andreas C and Petukhova, Lynn},
  journal={Scientific reports},
  volume={7},
  number={1},
  pages={16303},
  year={2017},
  publisher={Nature Publishing Group}
}

@article{huppenkothen2016using,
  title={{Using machine learning to explore the long-term evolution of GRS 1915+ 105}},
  author={Huppenkothen, Daniela and Heil, Lucy M and Hogg, David W and Mueller, Andreas},
  journal={Monthly Notices of the Royal Astronomical Society},
  volume={466},
  number={2},
  pages={2364--2377},
  year={2016},
  publisher={Oxford University Press}
}
